<record><leader>00000cas a2200000 i 4500</leader><controlfield tag="001">986789018</controlfield><controlfield tag="008">170511d19051914akudr ne      0   a0eng  </controlfield><datafield ind1=" " ind2=" " tag="010"><subfield code="a">  2017218598</subfield></datafield><datafield ind1=" " ind2=" " tag="040"><subfield code="a">DLC</subfield><subfield code="b">eng</subfield><subfield code="e">rda</subfield><subfield code="c">DLC</subfield><subfield code="d">OCLCF</subfield></datafield><datafield ind1=" " ind2=" " tag="042"><subfield code="a">pcc</subfield></datafield><datafield ind1=" " ind2=" " tag="043"><subfield code="a">n-us-ak</subfield></datafield><datafield ind1="0" ind2="4" tag="082"><subfield code="a">979.83</subfield><subfield code="2">19</subfield></datafield><datafield ind1="0" ind2="0" tag="245"><subfield code="a">Seward daily gateway.</subfield></datafield><datafield ind1=" " ind2="1" tag="264"><subfield code="a">Seward, Alaska :</subfield><subfield code="b">Seward Daily Gateway,</subfield><subfield code="c">1905-1914.</subfield></datafield><datafield ind1=" " ind2=" " tag="300"><subfield code="a">8 volumes :</subfield><subfield code="b">illustrations</subfield></datafield><datafield ind1=" " ind2=" " tag="310"><subfield code="a">Daily</subfield></datafield><datafield ind1=" " ind2=" " tag="336"><subfield code="a">text</subfield><subfield code="b">txt</subfield><subfield code="2">rdacontent</subfield></datafield><datafield ind1=" " ind2=" " tag="337"><subfield code="a">unmediated</subfield><subfield code="b">n</subfield><subfield code="2">rdamedia</subfield></datafield><datafield ind1=" " ind2=" " tag="338"><subfield code="a">volume</subfield><subfield code="b">nc</subfield><subfield code="2">rdacarrier</subfield></datafield><datafield ind1="1" ind2=" " tag="362"><subfield code="a">Began with volume 1, number 94 (November 23, 1905); ceased with volume 8, number 241 (July 21, 1914).</subfield></datafield><datafield ind1=" " ind2=" " tag="530"><subfield code="a">Also available on microfilm from the Alaska Historical Society.</subfield></datafield><datafield ind1=" " ind2=" " tag="588"><subfield code="a">Description based on: Volume 1, number 94 (November 23, 1905); title from masthead.</subfield></datafield><datafield ind1=" " ind2=" " tag="588"><subfield code="a">Latest issue consulted: Volume 8, number 241 (July 21, 1914).</subfield></datafield><datafield ind1=" " ind2="0" tag="651"><subfield code="a">Seward (Alaska)</subfield><subfield code="v">Newspapers.</subfield></datafield><datafield ind1=" " ind2="7" tag="655"><subfield code="a">Newspapers.</subfield><subfield code="2">fast</subfield><subfield code="0">(OCoLC)fst01423814</subfield></datafield><datafield ind1=" " ind2="7" tag="651"><subfield code="a">Alaska</subfield><subfield code="z">Seward.</subfield><subfield code="2">fast</subfield><subfield code="0">(OCoLC)fst01221903</subfield></datafield><datafield ind1=" " ind2=" " tag="752"><subfield code="a">United States</subfield><subfield code="b">Alaska</subfield><subfield code="d">Seward.</subfield></datafield><datafield ind1="1" ind2=" " tag="775"><subfield code="t">Seward weekly gateway</subfield><subfield code="w">(DLC)sn 98059811</subfield><subfield code="w">(OCoLC)34249030</subfield></datafield><datafield ind1="0" ind2="0" tag="780"><subfield code="t">Daily gateway</subfield><subfield code="w">(DLC)  2017218597</subfield><subfield code="w">(OCoLC)986788370</subfield></datafield><datafield ind1="0" ind2="0" tag="785"><subfield code="t">Seward gateway (Seward, Alaska : 1914)</subfield><subfield code="w">(DLC)sn2008058232</subfield><subfield code="w">(OCoLC)275163299</subfield></datafield></record>